
@online{ctan_beamer,
	title = {{CTAN}: Paket beamer},
	url = {https://www.ctan.org/pkg/beamer},
	urldate = {2019-02-21},
	file = {CTAN\: Paket beamer:C\:\\Users\\Dejan\\Zotero\\storage\\SNPGC5YI\\beamer.html:text/html}
}